<record xmlns='http://www.loc.gov/MARC21/slim'><leader>01223cim a22003492u 4500</leader><controlfield tag='001'>3600512</controlfield><controlfield tag='005'>20151214182614.0</controlfield><controlfield tag='007'>ss|lmnjluz|nuu</controlfield><controlfield tag='008'>991101s1986    nyunnn         l    eng d</controlfield><datafield ind1=' ' ind2=' ' tag='035'><subfield code='a'>(NIC)notisASF7577</subfield></datafield><datafield ind1=' ' ind2=' ' tag='035'><subfield code='a'>3600512</subfield></datafield><datafield ind1=' ' ind2=' ' tag='035'><subfield code='a'>(OCoLC)63896169</subfield></datafield><datafield ind1=' ' ind2=' ' tag='040'><subfield code='a'>NIC</subfield><subfield code='c'>NIC</subfield><subfield code='d'>NIC</subfield><subfield code='d'>NIC</subfield></datafield><datafield ind1='1' ind2=' ' tag='100'><subfield code='a'>Randel, Don Michael</subfield></datafield><datafield ind1='1' ind2='0' tag='245'><subfield code='a'>Defining music</subfield><subfield code='h'>[sound recording]</subfield></datafield><datafield ind1=' ' ind2=' ' tag='260'><subfield code='c'>1986.</subfield></datafield><datafield ind1=' ' ind2=' ' tag='300'><subfield code='a'>1 sound cassette (78 min.) :</subfield><subfield code='b'>analog, mono.</subfield></datafield><datafield ind1=' ' ind2=' ' tag='500'><subfield code='a'>Recorded in Ithaca, NY by Cornell University.</subfield></datafield><datafield ind1=' ' ind2=' ' tag='500'><subfield code='a'>Sponsored by: Society for the Humanities.</subfield></datafield><datafield ind1=' ' ind2=' ' tag='518'><subfield code='a'>Lecture, February 19, 1986.</subfield></datafield><datafield ind1=' ' ind2=' ' tag='520'><subfield code='a'>Randel explains how musicologists define &quot;Western art music&quot; and mentions some of the problems scholars have with music definition.</subfield></datafield><datafield ind1=' ' ind2=' ' tag='540'><subfield code='a'>No reproductions authorized.</subfield></datafield><datafield ind1=' ' ind2='0' tag='650'><subfield code='a'>Music</subfield><subfield code='x'>Terminology.</subfield></datafield><datafield ind1=' ' ind2='0' tag='650'><subfield code='a'>Music.</subfield></datafield><datafield ind1=' ' ind2='0' tag='650'><subfield code='a'>Musicology</subfield><subfield code='v'>Periodicals.</subfield></datafield><datafield ind1=' ' ind2='7' tag='650'><subfield code='a'>Music</subfield><subfield code='2'>fast</subfield><subfield code='0'>(OCoLC)fst01030269</subfield></datafield><datafield ind1=' ' ind2='7' tag='650'><subfield code='a'>Musicology</subfield><subfield code='2'>fast</subfield><subfield code='0'>(OCoLC)fst01030893</subfield></datafield><datafield ind1=' ' ind2='7' tag='655'><subfield code='a'>Periodicals</subfield><subfield code='2'>fast</subfield><subfield code='0'>(OCoLC)fst01411641</subfield></datafield><datafield ind1=' ' ind2='7' tag='655'><subfield code='a'>Terminology</subfield><subfield code='2'>fast</subfield><subfield code='0'>(OCoLC)fst01423880</subfield></datafield><datafield ind1='1' ind2=' ' tag='899'><subfield code='a'>CULectures</subfield></datafield><datafield ind1=' ' ind2=' ' tag='905'><subfield code='a'>20000114120000.0</subfield></datafield><datafield ind1='2' ind2=' ' tag='948'><subfield code='a'>20141221</subfield><subfield code='b'>m</subfield><subfield code='d'>batch</subfield><subfield code='e'>lts</subfield><subfield code='x'>addfast</subfield></datafield></record>